<?xml version="1.0" encoding="UTF-8"?><record xmlns="http://www.loc.gov/MARC21/slim" xmlns:cinclude="http://apache.org/cocoon/include/1.0" xmlns:zs="http://www.loc.gov/zing/srw/">
  <leader>01247cz  a2200325n  4500</leader>
  <controlfield tag="001">n  81022558 </controlfield>
  <controlfield tag="003">DLC</controlfield>
  <controlfield tag="005">20150313073812.0</controlfield>
  <controlfield tag="008">810507nc azannaabn          |b aaa      </controlfield>
  <datafield tag="010" ind1=" " ind2=" ">
    <subfield code="a">n  81022558 </subfield>
  </datafield>
  <datafield tag="035" ind1=" " ind2=" ">
    <subfield code="a">(OCoLC)oca00568353</subfield>
  </datafield>
  <datafield tag="040" ind1=" " ind2=" ">
    <subfield code="a">DLC</subfield>
    <subfield code="b">eng</subfield>
    <subfield code="e">rda</subfield>
    <subfield code="c">DLC</subfield>
    <subfield code="d">DLC</subfield>
    <subfield code="d">OCoLC</subfield>
    <subfield code="d">DLC</subfield>
    <subfield code="d">OCoLC</subfield>
    <subfield code="d">HkUST</subfield>
    <subfield code="d">InU</subfield>
  </datafield>
  <datafield tag="046" ind1=" " ind2=" ">
    <subfield code="f">1574</subfield>
    <subfield code="g">1647</subfield>
  </datafield>
  <datafield tag="053" ind1=" " ind2="0">
    <subfield code="a">PL2698.C216</subfield>
  </datafield>
  <datafield tag="100" ind1="1" ind2=" ">
    <subfield code="a">Cao, Xuequan,</subfield>
    <subfield code="d">1574-1647</subfield>
  </datafield>
  <datafield tag="400" ind1="1" ind2=" ">
    <subfield code="w">nne</subfield>
    <subfield code="a">Tsʻao, Hsüeh-chʻüan,</subfield>
    <subfield code="d">1574-1647</subfield>
  </datafield>
  <datafield tag="400" ind1="1" ind2=" ">
    <subfield code="a">曹學佺,</subfield>
    <subfield code="d">1574-1647</subfield>
  </datafield>
  <datafield tag="400" ind1="1" ind2=" ">
    <subfield code="a">Cao, Nengshi,</subfield>
    <subfield code="d">1574-1647</subfield>
  </datafield>
  <datafield tag="400" ind1="1" ind2=" ">
    <subfield code="a">曹能始,</subfield>
    <subfield code="d">1574-1647</subfield>
  </datafield>
  <datafield tag="400" ind1="1" ind2=" ">
    <subfield code="a">Cao, Yanze,</subfield>
    <subfield code="d">1574-1647</subfield>
  </datafield>
  <datafield tag="400" ind1="1" ind2=" ">
    <subfield code="a">曹雁澤,</subfield>
    <subfield code="d">1574-1647</subfield>
  </datafield>
  <datafield tag="400" ind1="0" ind2=" ">
    <subfield code="a">Shicangjushi,</subfield>
    <subfield code="d">1574-1647</subfield>
  </datafield>
  <datafield tag="400" ind1="0" ind2=" ">
    <subfield code="a">石倉居士,</subfield>
    <subfield code="d">1574-1647</subfield>
  </datafield>
  <datafield tag="400" ind1="0" ind2=" ">
    <subfield code="a">Xifengjushi,</subfield>
    <subfield code="d">1574-1647</subfield>
  </datafield>
  <datafield tag="400" ind1="0" ind2=" ">
    <subfield code="a">西峰居士,</subfield>
    <subfield code="d">1574-1647</subfield>
  </datafield>
  <datafield tag="667" ind1=" " ind2=" ">
    <subfield code="a">Machine-derived non-Latin script reference project.</subfield>
  </datafield>
  <datafield tag="667" ind1=" " ind2=" ">
    <subfield code="a">Non-Latin script references not evaluated.</subfield>
  </datafield>
  <datafield tag="667" ind1=" " ind2=" ">
    <subfield code="a">Old catalog heading: Tsʻao, Hsüeh-chʻüan, 1574-1647?</subfield>
  </datafield>
  <datafield tag="670" ind1=" " ind2=" ">
    <subfield code="a">Author's Shu chung ming sheng chi, 1937.</subfield>
  </datafield>
  <datafield tag="670" ind1=" " ind2=" ">
    <subfield code="a">Wei ji bai ke WWW site, Mar. 25, 2010</subfield>
    <subfield code="b">(曹學佺 = Cao Xuequan; 1574-1646; zi: 能始 = Nengshi; hao: 雁澤 = Yanze, 石倉居士 = Shicangjushi, 西峰居士 = Xifengjushi)</subfield>
  </datafield>
</record>